@article{lilis2017automatic,
	Author = {Lilis, G. N. and Giannakis, G. I. and Rovas, D. V.},
	Date-Added = {2018-11-25 18:59:44 +0100},
	Date-Modified = {2018-11-25 19:00:01 +0100},
	Journal = {Automation in Construction},
	Pages = {108--124},
	Publisher = {Elsevier},
	Title = {Automatic generation of second-level space boundary topology from IFC geometry inputs},
	Volume = {76},
	Year = {2017}}

@phdthesis{treeck2004simulation,
	Author = {van~Treeck, C. A.},
	Date-Added = {2018-11-25 18:51:57 +0100},
	Date-Modified = {2018-11-25 18:56:43 +0100},
	Month = {May},
	School = {{T}echnische {U}niversit\"at {M}\"unchen},
	Title = {Geb\"audemodell-basierte {S}imulation von {R}aumluftst\"omungen},
	Type = {Dissertation},
	Year = {2004}}

@misc{treeck2010introduction,
	Author = {van~Treeck, C. A.},
	Date-Added = {2018-11-25 18:47:54 +0100},
	Date-Modified = {2018-11-25 18:50:49 +0100},
	Howpublished = {Habilitationsschrift},
	Month = {February},
	Title = {Introduction to Building Performance Modeling and Simulation},
	Year = {2010}}

@inproceedings{bazjanac2010requirements,
	Author = {Bazjanac, V.},
	Booktitle = {CIB W78: 27th International Conference},
	Date-Added = {2015-12-02 07:52:21 +0000},
	Date-Modified = {2018-11-25 18:51:17 +0100},
	Title = {Space boundary requirements for modeling of building geometry for energy and other performance simulation},
	Year = {2010}}

@article{rose2013algorithm,
	Author = {Rose, C. M. and Bazjanac, V.},
	Date-Modified = {2016-03-29 12:28:24 +0000},
	Journal = {Engineering with Computers},
	Number = {2},
	Pages = {271--280},
	Publisher = {Springer},
	Title = {An algorithm to generate space boundaries for building energy simulation},
	Volume = {31},
	Year = {2013}}
